@article{ALVES:2012,
	Author = {Jeferson Barros Alves},
	Date-Added = {2015-11-07 14:19:37 +0000},
	Date-Modified = {2015-11-07 14:20:41 +0000},
	Journal = {ACM},
	Keywords = {data mining; minera{\c c}{\~a}o de dados},
	Title = {Data Mining no TCC},
	Year = {2015}}
