%% This BibTeX bibliography file was created using BibDesk.
%% http://bibdesk.sourceforge.net/

%% Created for Jeferson Barros Alves at 2015-11-07 11:03:58 -0400 

%% Saved with string encoding Unicode (UTF-8) 


@article{adriaans:1996,
	title={Data mining},
	author={Adriaans, Pieter and Zantinge, Dolf},
	journal={Addision-Wesley, Harlow},
	year={1996}
}

@phdthesis{ales:2008,
	title={Ales, Vanessa Terezinha},
	author={O algoritmo Sequential Minimal Optimization para resolu{\c{c}}{\~a}o para o problema de Support Vector Machine: Uma t{\'e}cnica para reconhecimento de padr{\~o}es},
	year={2008},
	school={Universidade Federal do Paran{\'a}}
}

@article{alexander:2013,
	title={\textbf{Data mining na descoberta de padr{\~o}es de sintomas com foco no aux{\'\i}lio ao diagn{\'o}stico m{\'e}dico}},
	author={de Melo Junior, Alexander Rivas and Piedade, M{\'a}rcio Palheta},
	journal={Encontro Regional de Computação e Sistemas de Informação},
	year={2013}
}

@article{bellazzi:2008,
	address={[S.l.]},
	author={Bellazzi, Riccardo and Zupan, Blaz},
	journal={International journal of medical informatics},
	number={2},
	pages={81-97},
	subtitle={current issues and guidelines},
	title={Predictive data mining in clinical medicine},
	volume={77},
	year={2008},
	publisher={Elsevier},
	url={http://arxiv.org/pdf/1501.00607.pdf},
	urlaccessdate ={12 set. 2015}
}

@book{berry:1997,
	address={NY, USA},
	edition={1},
	isbn={978-0-471-17980-1},
	pages={464},
	publisher={John Wiley \& Sons, Inc.},
	subtitle={for marketing, sales, and customer support},
	title={Data mining techniques},
	author={Berry, Michael J and Linoff, Gordon},
	year={1997}
}

@article{bezerra:2009,
	title={\textbf{Prontu{\'a}rio Eletr{\^o}nico do Paciente: uma ferramenta para aprimorar a qualidade dos Servi{\c{c}}os de Sa{\'u}de}},
	author={Bezerra, Selene Maria},
	journal={Revista Meta: Avalia{\c{c}}{\~a}o},
	volume={1},
	number={1},
	pages={73-82},
	year={2009}
}

@article{bhatt:2013,
	Author = {Bhatt, Samir and Gething, Peter W. and Brady, Oliver J. and Messina, Jane P. and Farlow, Andrew W. and Moyes, Catherine L. and Drake, John M. and Brownstein, John S. and Hoen, Anne G. and Sankoh, Osman and Myers, Monica F. and George, Dylan B. and Jaenisch, Thomas and Wint, G. R. William and Simmons, Cameron P. and Scott, Thomas W. and Farrar, Jeremy J. and Hay, Simon I.},
	Date = {2013/04/25/print},
	Day = {25},
	isbn = {0028-0836},
	Journal = {Nature},
	L3 = {10.1038/nature12060; http://www.nature.com/nature/journal/v496/n7446/abs/nature12060.html#supplementary-information},
	urlaccessdate ={19 out. 2015},
	M3 = {Letter},
	Month = {04},
	Number = {7446},
	Pages = {504-507},
	Publisher = {Nature Publishing Group, a division of Macmillan Publishers Limited. All Rights Reserved.},
	Title = {The global distribution and burden of dengue},
	Ty = {JOUR},
	Url = {http://dx.doi.org/10.1038/nature12060},
	Volume = {496},
	Year = {2013},
	Bdsk-Url-1 = {http://dx.doi.org/10.1038/nature12060}
}

@article{braz:2009,
	title={\textbf{Aplicando Minera{\c{c}} ao de Dados para Apoiar a Tomada de Decisao na Seguran{\c{c}}a Publica do Estado de Alagoas.}},
	author={Braz, Lucas M and Ferreira, Rafael and Dermeval, Diego and V{\'e}ras, Douglas and Lima, Marcilio and Tiengo, Willy and da Web, GrOW-Grupo de Otimiza{\c{c}}ao},
	year={2009}
}

@mastersthesis{costa:2012,
	address={S\~ao Paulo},
	author={Costa, Alceu Ferraz},
	pages={96},
	pagename={f.},
	school={Instituto de Ci{\^e}ncias Matem{\'a}ticas e de Computa{\c{c}}{\~a}o, Universidade de S{\~a}o Paulo },
	title={Minera{\c{c}}{\~a}o de imagens m{\'e}dicas utilizando caracter{\'\i}sticas de forma},
	type={Mestrado em Ci{\^e}ncias de Computa{\c{c}}{\~a}o e Matem{\'a}tica Computacional},
	year={2012},
	url={http://www.teses.usp.br/teses/disponiveis/55/55134/tde-27062012-102526/en.php},
	urlaccessdate ={1 nov. 2015},
}

@webpage{conass:2015,
	author={CONASS},
	title = {Nota T{\'e}cnica - 45 - 2013},
	url = {http://www.conass.org.br/NT%2045-%202013%20SINAN%20.pdf},
	urlaccessdate ={19 nov. 2015},
	year = {2015}
}

@article{damasceno:2005,
	title={Introdu{\c{c}}{\~a}o a Minera{\c{c}}{\~a}o de Dados Utilizando o Weka},
	author={DAMASCENO, Marcelo},
	journal={Instituto Federal de Educa{\c{c}}{\~a}o, Ci{\^e}ncia e Tecnologia do Rio Grande do Norte},
	year={2005},
	url={http://connepi.ifal.edu.br/ocs/index.php/connepi/CONNEPI2010/paper/viewFile/258/207},
	urlaccessdate ={25 nov. 2015}
}

@article{fayyad:1996,
	title={From data mining to knowledge discovery in databases},
	author={Fayyad, Usama and Piatetsky-Shapiro, Gregory and Smyth, Padhraic},
	journal={AI magazine},
	volume={17},
	number={3},
	pages={37},
	year={1996},
	url={http://www.aaai.org/ojs/index.php/aimagazine/article/view/1230},
	urlaccessdate ={21 set. 2015},
}

@article{feldens:1997,
	address={Bras{\'i}lia},
	author={FELDENS, Miguel Artur and Castilho, Jos{\'e} Mauro Volkmer de},
	journal={Encontro Nacional de Intelig{\^e}ncia Artificial},
	school={Universidade Federal do Rio Grande do Sul},
	subtitle={estudo e aplica{\c{c}}{\~a}o na {\'a}rea de sa{\'u}de},
	title={Engenharia da descoberta de conhecimento em bases de dados},
	year={1997},
	publisher={[s.n.]},
	url={http://comissoes.sbc.org.br/ce-ia/pg/?p=enia&l=ENIA},
	urlaccessdate ={23 set. 2015},
}

@article{fortaleza:2015,
organization={Prefeitura de Fortaleza},
title={Notifica{\c c}\~oes de dengue - Ref. 01 a 06/2015},
url={http://dados.fortaleza.ce.gov.br/catalogo/dataset/notificacoes-de-dengue-ref-01-06-2015},
urlaccessdate={19 out. 2015},
year={2015}
}

@article{freitas:2000,
	address={Recife},
	author={Alex Alves Freitas},
	journal={Inform{\'a}tica Brasileira em An{\'a}lise},
	title={Uma introdu{\c{c}}{\~a}o a data mining},
	volume={ano~2},
	month={mai./jun.},
	number={32},
	pages={},
	year={2000},
	publisher={Centro de Estudos e Sistemas Avan{\c{c}}ados do Recife (CESAR)},
	url={http://dblp.uni-trier.de/pers/hd/f/Freitas:Alex_Alves},
	urlaccessdate={21 out. 2015},
}

@article{hall:2009,
	address={New York, NY, USA},
	author={Hall, Mark and Frank, Eibe and Holmes, Geoffrey and Pfahringer, Bernhard and Reutemann, Peter and Witten, Ian H},
	journal={SIGKDD Explorations Newsletter},
	volume={11},
	number={1},
	pages={10-18},
	title={The WEKA Data Mining Software: An Update},
	volume={11},
	year={2009},
	url={http://www.cms.waikato.ac.nz/~ml/publications/2009/weka_update.pdf},
	urlaccessdate={22 set. 2015}
}

@mastersthesis{halmenschlager:2002,
	address={Porto Alegre},
	author={Carine Halmenschlager},
	pages={112},
	paganame={f.},
	school={Instituto de Informática, Universidade Federal do Rio Grande do Sul},
	title={Um algoritmo para indu{\c{c}}{\~a}o de {\'a}rvores e regras de decis{\~a}o},
	type={Programa de P{\'o}s-Gradua{\c{c}}{\~a}o em Computa{\c{c}}{\~a}o},
	year={2002},
	url={http://www.lume.ufrgs.br/handle/10183/2755?locale=pt_BR},
	urlaccessdate={24 set. 2015}
}

@mastersthesis{hernandez:2009,
	address={S\~ao Paulo},
	author={Acosta Hern{\'a}ndez, Ra{\'u}l},
	pages={112},
	paganame={f.},
	school={Escola Polit{\'e}cnica, Universidade de S{\~a}o Paulo},
	title={MP-SMO: um algoritmo para a implementa{\c{c}}{\~a}o VLSI do treinamento de m{\'a}quinas de vetores de suporte.},
	type={Mestrado em Microeletr{\^o}nica},
	year={2009},
	url={http://www.teses.usp.br/teses/disponiveis/3/3140/tde-28102009-172855/pt-br.php},
	urlaccessdate={26 set. 2015}
}

@inproceedings{john:1995,
	title={Estimating continuous distributions in Bayesian classifiers},
	author={John, George H and Langley, Pat},
	booktitle={Proceedings of the Eleventh conference on Uncertainty in artificial intelligence},
	pages={338--345},
	year={1995},
	organization={Morgan Kaufmann Publishers Inc.}
}

@monography{junior:2010,
	address={Recife},
	author={Oliveira, Junior, Gilson Medeiros de Oliveira},
	pages={46},
	pagename={f.},
	school={Centro de Inform{\'a}tica, Universidade Federal de Pernambuco},
	subtitle={estudo e an{\'a}lise de par{\^a}metros para otimiza{\c{c}}{\~a}o de resultado},
	title={M{\'a}quina de vetores suporte},
	type={Trabalho de conclus{\~a}o curso},
	year={2010},
	url={http://www.cin.ufpe.br/~tg/2010-2/gmoj.pdf},
	urlaccessdate={28 nov. 2015}
}

@article{kalmeg:2015,
	title={\textbf{Analysis of WEKA Data Mining Algorithm REPTree, Simple Cart and RandomTree for Classification of Indian News}},
	author={Kalmegh, Sushilkumar},
	journal={IJISET - International Journal of Innovative Science, Engineering & Technology},
	year={2015}
}

@article{lavrac:2000,
	title={\textbf{Intelligent data analysis in medicine}},
	author={Lavrac, Nada and Keravnou, Elpida and Zupan, Blaz},
	journal={Encyclopedia of computer science and technology},
	volume={42},
	number={9},
	pages={113-157},
	year={2000}
}

@article{lorena:2007,
	title={Uma introdu{\c{c}}{\~a}o {\`a}s support vector machines},
	author={Lorena, Ana Carolina and de Carvalho, Andr{\'e} CPLF},
	journal={Revista de Inform{\'a}tica Te{\'o}rica e Aplicada},
	volume={14},
	number={2},
	pages={43-67},
	year={2007},
	url={http://seer.ufrgs.br/rita/article/view/rita_v14_n2_p43-67},
	urlaccessdate={12 out. 2015}
}

@article{lucca:2013,
	address={[S.l]},
	author={Lucca, Giancarlo and Pereira, Igor A and Prisco, Andr{\'e} and Borges, Eduardo N},
	pages={4},
	title={Uma implementa{\c{c}}{\~a}o do algoritmo Na{\"\i}ve Bayes para classifica{\c{c}}{\~a}o de texto},
	url={http://www.lbd.dcc.ufmg.br/colecoes/erbd/2013/0019.pdf},
	urlaccessdate={10 out. 2015},
	year={2013}
}

@manual{MS:2015,
	address={Bras{\'i}lia},
	organization={Brasil. {Minist{\'e}rio da Sa{\'u}de. Departamento de Aten{\c{c}}{\~a}o B{\'a}sica. Vigil{\^a}ncia em Sa{\'u}de}},
	org-short={BRASIL},
	title={Dengue},
	year = {2015},
	url = {http://portalsaude.saude.gov.br/index.php/o-ministerio/principal/secretarias/svs/dengue},
	urlaccessdate ={19 out. 2015}
}

@webpage{opensource:2015,
	author={Open Source Initiative},
	Lastchecked = {Online; accessed 19-Outubro-2015},
	Month={Outubro},
	Url = {https://opensource.org/definition},
	Year = {2015},
	urlaccessdate ={19 out. 2015}
}

@mastersthesis{oshiro:2013,
	address={S\~ao Paulo},
	author={Thais Mayumi Oshiro},
	pages={101},
	pagename={f.},
	school={Bioinform{\'a}tica, Universidade de S{\~a}o Paulo},
	title={Uma abordagem para a constru{\c{c}}{\~a}o de uma {\'u}nica {\'a}rvore a partir de uma \textit{Random Forest} para classifica{\c{c}}{\~a}o de bases de express{\~a}o g{\^e}nica},
	type={Mestrado em Bioinform{\'a}tica},
	year={2013},
	url={http://www.teses.usp.br/teses/disponiveis/95/95131/tde-15102013-183234/pt-br.php},
	urlaccessdate ={29 nov. 2015}
}

@webpage{oracle:2015,
	author={Oracle},
	Lastchecked = {Online; accessed 19-Outubro-2015},
	Month={Outubro},
	Url = {https://www.java.com/pt_BR/download/faq/whatis_java.xml},
	Year = {2015},
	urlaccessdate ={19 out. 2015}
}

@techreport {platt:1998,
	author       = {John Platt},
	institution  = {Microsoft Research},
	month        = {April},
	number       = {MSR-TR-98-14},
	pages        = {21},
	subtitle={A Fast Algorithm for Training Support Vector
	Machines},
	title        = {Sequential Minimal Optimization},
	url          = {http://research.microsoft.com/apps/pubs/default.aspx?id=69644},
	year         = {1998},
	urlaccessdate ={19 out. 2015}
}

@article{prati:2008,
	address={},
	author={Prati, Ronaldo Cristiano and Batista, Gustavo Enrique de Almeida Prado Alves and Monard, Maria Carolina},
	journal={Revista IEEE Am{\'e}rica Latina},
	number={2},
	pages={215-222},
	title={Curvas ROC para avalia{\c{c}}{\~a}o de classificadores},
	volume={6},
	year={2008},
	url={http://www.icmc.usp.br/~gbatista/files/ieee_la2008.pdf},
	urlaccessdate ={19 set. 2015}
}

@article{quinlan:86,
	author = {Quinlan, J. R.},
	title = {\textbf{Induction of Decision Trees}},
	journal = {Mach. Learn.},
	volume = {1},
	number = {1},
	month = mar,
	year = {1986},
	issn = {0885-6125},
	pages = {81--106},
	numpages = {26},
	url = {http://dx.doi.org/10.1023/A:1022643204877},
	urlaccessdate ={19 out. 2015},
	doi = {10.1023/A:1022643204877},
	acmid = {637969},
	publisher = {Kluwer Academic Publishers},
	address = {Hingham, MA, USA},
	keywords = {classification, decision trees, expert systems, induction, information theory, knowledge acquisition},
}

@article{quinlan:94,
	year={1994},
	issn={0885-6125},
	journal={Machine Learning},
	volume={16},
	number={3},
	doi={10.1007/BF00993309},
	title={C4.5: Programs for Machine Learning by J. Ross Quinlan. Morgan Kaufmann Publishers, Inc., 1993},
	url={http://dx.doi.org/10.1007/BF00993309},
	publisher={Kluwer Academic Publishers},
	author={Salzberg, StevenL.},
	pages={235-240},
	urlaccessdate ={10 set. 2015},
	language={English}
}

@article{santos:2011,
	address={Catal{\~a}o},
	author={Santos, Marcelo Silva and da Costa Neto, Jos{\'e} Craveiro},
	journal={Encontro Anual de Computa{\c{c}}{\~a}o, Universidade Federal de Goi{\'a}s},
	number={},
	pages={},
	subtitle={Algoritmos de Minera{\c{c}}{\~a}o para Apoio {\`a} Ger{\^e}ncia de Ocorr{\^e}ncias de Dengue a partir de Informa{\c{c}}{\~o}es presentes na base dados do SINAN},
	title={AMAGODIS},
	volume={},
	year={2011},
	issn = {2178-6992},
	url={http://www.enacomp.com.br/2011/anais/trabalhos-aprovados/pdf/enacomp2011_submission_55.pdf},
	urlaccessdate ={28 set. 2015}
}

@manual{saude:2008,
	address={Bras{\'i}lia},
	organization={Brasil. {Minist{\'e}rio da Sa{\'u}de. Departamento de Aten{\c{c}}{\~a}o B{\'a}sica. Vigil{\^a}ncia em Sa{\'u}de}},
	org-short={BRASIL},
	pages={197},
	title={Dengue, Esquistossomose, Hansen{\'i}ase, Mal{\'a}ria, Tracoma e Tuberculose},
	year={2008},
	url={http://bvsms.saude.gov.br/bvs/publicacoes/cab_n21_vigilancia_saude_2ed_p1.pdf},
	urlaccessdate ={20 set. 2015},
	isbn={978-85-334-1471-6}
}

@manual{saude:2013,
	address={Bras{\'i}lia},
	organization={Brasil. {Minist{\'e}rio da Sa{\'u}de. Departamento de Aten{\c{c}}{\~a}o B{\'a}sica. Vigil{\^a}ncia em Sa{\'u}de}},
	org-short={BRASIL},
	pages={80},
	subtitle={diagn{\'o}stico  e manejo cl{\'i}nico:  adulto e crian{\c{c}}a},
	title={Dengue},
	year={2013},
	url={http://bvsms.saude.gov.br/bvs/publicacoes/dengue_diagnostico_manejo_clinico_adulto.pdf},
	urlaccessdate ={20 set. 2015},
	isbn={978-85-334-2001-4}
}

@article{shakil:2015,
	title={Dengue disease prediction using weka data mining tool},
	author={Shakil, Kashish Ara and Anis, Shadma and Alam, Mansaf},
	journal={arXiv preprint arXiv:1502.05167},
	year={2015},
	url={http://arxiv.org/abs/1502.05167},
	urlaccessdate ={22 nov. 2015}
}

@article{steiner:2004,
	title={Data-Mining como Suporte {\`a} Tomada de Decis{\~o}es-uma Aplica{\c{c}}{\~a}o no Diagn{\'o}stico M{\'e}dico},
	author={Steiner, Maria Teresinha Arns and Soma, Nei Yoshihiro and Shimizu, Tamio and Nievola, J{\'u}lio Cesar and LOPES, F and Smiderle, Andr{\'e}ia},
	journal={XXXVI SIMP{\'O}SIO BRASILEIRO DE PESQUISA OPERACIONAL," O IMPACTO DA PESQUISA OPERACIONAL NAS NOVAS TEND{\^E}NCIAS MULTIDISCIPLINARES},
	volume={23},
	pages={96-107},
	year={2004}
}

@book{tan:2009,
	title={Introdu{\c{c}}{\~a}o ao datamining: minera{\c{c}}{\~a}o de dados},
	author={Tan, Pang-Ning and Steinbach, Michael and Kumar, Vipin},
	year={2009},
	publisher={Ciencia Moderna},
	isbn={9788573937619}
}

@article{thitiprayoonwongse:2012,
	title={Data mining of dengue infection using decision tree},
	author={Thitiprayoonwongse, DARANEE and Suriyaphol, PRAPAT and Soonthornphisaj, NUANWAN},
	journal={Entropy},
	volume={2},
	pages={2},
	year={2012},
	url={http://www.wseas.us/e-library/conferences/2012/Singapore/ACCIDS/ACCIDS-25.pdf},
	urlaccessdate ={15 ago. 2015}
}

@article{thome:2002,
	author={Thom{\'e}, Antonio Carlos Gay},
	subtitle={uma ferramenta para KDD e data mining},
	title={Redes neurais},
	journal={Material Did{\'a}tico},
	year={2002},
	url={http://equipe.nce.ufrj.br/thome/grad/nn/mat_didatico/apostila_kdd_mbi.pdf},
	urlaccessdate ={12 ago. 2015}
}
@webpage{weka:2015,
	author={The University of Waikato},
	Lastchecked = {Online; accessed 19-Outubro-2015},
	Month={Outubro},
	Url = {http://www.cs.waikato.ac.nz/ml/weka/},
	Year = {2015},
	urlaccessdate ={19 out. 2015}
}

@book{witten:2011,
	author = {Witten, Ian H. and Frank, Eibe and Hall, Mark A.},
	title = {Data Mining: Practical Machine Learning Tools and Techniques},
	year = {2011},
	isbn = {0123748569, 9780123748560},
	edition = {3rd},
	publisher = {Morgan Kaufmann Publishers Inc.},
	address = {San Francisco, CA, USA},
}

@article{zhao:2008,
	title={Comparison of decision tree methods for finding active objects},
	author={Zhao, Yongheng and Zhang, Yanxia},
	journal={Advances in Space Research},
	volume={41},
	number={12},
	pages={1955-1959},
	year={2008},
	publisher={Elsevier},
	url={http://www.sciencedirect.com/science/article/pii/S027311770700796X},
	urlaccessdate ={10 nov. 2015}
}